
 @online{Eigen,
      author = {Ga\"{e}l Guennebaud and Beno\^{i}t Jacob and others},
        title = {Eigen v3},
        url = {http://eigen.tuxfamily.org},
        year = {2010}
       urldate = {2016-09-21}
}
@online{dCpp,
author = {Žiga Sajovic},
  title = {dCpp},
  year = {2016},
  Eprinttype ={gitHub},
       url = {https://github.com/zigasajovic/dCpp},
}
@online{OperationalCalculus,
Author = {Žiga Sajovic and Martin Vuk},
Title = {Operational calculus on programming spaces and generalized tensor networks},
Year = {2016},
Eprint = {1610.07690},
Eprinttype = {arXiv},
url={https://arxiv.org/abs/1610.07690},
}    
      