
 @online{Eigen,
      author = {Ga\"{e}l Guennebaud and Beno\^{i}t Jacob and others},
        title = {Eigen v3},
        url = {http://eigen.tuxfamily.org},
        year = {2010}
       urldate = {2016-09-21}
     }
@online{dCpp,
author = {Å½iga Sajovic},
  title = {dCpp},
  year = {2016},
  Eprinttype ={gitHub},
       url = {https://github.com/zigasajovic/dCpp},

     }     